<record><leader>00000cas a22000007a 4500</leader><controlfield tag="001">44807231</controlfield><controlfield tag="008">000817c19959999mauwr ne      0   a0eng d</controlfield><datafield ind1=" " ind2=" " tag="010"><subfield code="a">  2005213662</subfield></datafield><datafield ind1=" " ind2=" " tag="040"><subfield code="a">BXM</subfield><subfield code="b">eng</subfield><subfield code="c">BXM</subfield><subfield code="d">NSD</subfield><subfield code="d">OCLCQ</subfield><subfield code="d">OCLCF</subfield><subfield code="d">OCLCO</subfield></datafield><datafield ind1=" " ind2=" " tag="012"><subfield code="m">0</subfield></datafield><datafield ind1="1" ind2=" " tag="022"><subfield code="a">1556-1399</subfield><subfield code="l">1556-1399</subfield><subfield code="2">1</subfield></datafield><datafield ind1="1" ind2=" " tag="029"><subfield code="a">AU@</subfield><subfield code="b">000027182880</subfield></datafield><datafield ind1=" " ind2=" " tag="037"><subfield code="b">Irish Emigrant, 380 Dorchester Ave., South Boston, MA 02127</subfield><subfield code="c">$35.00</subfield></datafield><datafield ind1=" " ind2=" " tag="042"><subfield code="a">msc</subfield><subfield code="a">nsdp</subfield></datafield><datafield ind1=" " ind2=" " tag="043"><subfield code="a">n-us---</subfield></datafield><datafield ind1="1" ind2="0" tag="050"><subfield code="a">ISSN RECORD</subfield></datafield><datafield ind1=" " ind2="0" tag="222"><subfield code="a">Irish emigrant</subfield></datafield><datafield ind1="0" ind2="0" tag="245"><subfield code="a">Irish emigrant.</subfield></datafield><datafield ind1=" " ind2=" " tag="250"><subfield code="a">Boston ed.</subfield></datafield><datafield ind1=" " ind2=" " tag="260"><subfield code="a">Boston, MA :</subfield><subfield code="b">C. Gallagher,</subfield><subfield code="c">1995-</subfield></datafield><datafield ind1=" " ind2=" " tag="300"><subfield code="a">v. ;</subfield><subfield code="c">28 cm.</subfield></datafield><datafield ind1=" " ind2=" " tag="310"><subfield code="a">Weekly</subfield></datafield><datafield ind1="0" ind2=" " tag="362"><subfield code="a">1995-</subfield></datafield><datafield ind1=" " ind2=" " tag="588"><subfield code="a">Description based on: No. 694 (May 22, 2000); title from cover.</subfield></datafield><datafield ind1=" " ind2=" " tag="588"><subfield code="a">Latest issue consulted: No. 915 (Aug. 16-22, 2004) (surrogate).</subfield></datafield><datafield ind1=" " ind2="0" tag="650"><subfield code="a">Irish Americans</subfield><subfield code="z">Massachusetts</subfield><subfield code="z">Boston</subfield><subfield code="v">Periodicals.</subfield></datafield><datafield ind1=" " ind2="0" tag="650"><subfield code="a">Irish periodicals</subfield><subfield code="z">Massachusetts</subfield><subfield code="z">Boston.</subfield></datafield><datafield ind1=" " ind2="7" tag="655"><subfield code="a">Periodicals.</subfield><subfield code="2">fast</subfield><subfield code="0">(OCoLC)fst01411641</subfield></datafield><datafield ind1=" " ind2="7" tag="650"><subfield code="a">Irish Americans.</subfield><subfield code="2">fast</subfield><subfield code="0">(OCoLC)fst00978933</subfield></datafield><datafield ind1=" " ind2="7" tag="650"><subfield code="a">Irish periodicals.</subfield><subfield code="2">fast</subfield><subfield code="0">(OCoLC)fst00979045</subfield></datafield><datafield ind1=" " ind2="7" tag="651"><subfield code="a">Massachusetts</subfield><subfield code="z">Boston.</subfield><subfield code="2">fast</subfield><subfield code="0">(OCoLC)fst01205012</subfield></datafield><datafield ind1="1" ind2=" " tag="700"><subfield code="a">Gallagher, Connell.</subfield></datafield><datafield ind1="4" ind2="2" tag="856"><subfield code="u">http://www.IrishEmigrant.com</subfield></datafield></record>